<?xml version="1.0" encoding="UTF-8"?><collection xmlns="http://www.loc.gov/MARC21/slim"><record><leader>00555nam--2200193-i-4500</leader><controlfield tag="001">000032607</controlfield><controlfield tag="002">20161230</controlfield><controlfield tag="005">20161230201039</controlfield><controlfield tag="008">060222s1000------------r-----000-0-rum-d</controlfield><datafield ind1=" " ind2=" " tag="040"><subfield code="a">IFIN-HH</subfield></datafield><datafield ind1=" " ind2=" " tag="041"><subfield code="a">rum</subfield></datafield><datafield ind1=" " ind2=" " tag="080"><subfield code="a">539.12.047(043)</subfield></datafield><datafield ind1="1" ind2=" " tag="100"><subfield code="a">Mocanu, Nicolae</subfield></datafield><datafield ind1="1" ind2="0" tag="245"><subfield code="a">Contributii la determinarea contaminarii interne umane cu gamemitatori</subfield><subfield code="b">Teza</subfield><subfield code="c">Nicolae mocanu</subfield></datafield><datafield ind1=" " ind2=" " tag="260"><subfield code="a">Bucuresti</subfield><subfield code="b">Ifin</subfield><subfield code="c">1980</subfield></datafield><datafield ind1=" " ind2=" " tag="300"><subfield code="a">198P</subfield></datafield><datafield ind1=" " ind2=" " tag="502"><subfield code="a">Conducator Stiintific: Dr. Marieta Nicolae</subfield></datafield><datafield ind1=" " ind2=" " tag="852"><subfield code="a">47420</subfield><subfield code="c">539.12.04</subfield></datafield><datafield ind1=" " ind2=" " tag="CAT"><subfield code="a">Sys</subfield><subfield code="c">20120209</subfield><subfield code="h">160824</subfield></datafield></record></collection>